@standard{SCSF00000378,
  author    = {吴一 and 刘春燕 and 沈玉兰 and 白光武},
  title     = {学位论文编写规则},
  edition   = {GB/T 7713.1-2006},
  year      = {2006},
  publisher = {中华人民共和国国家质量监督检验检疫总局;中国国家标准化管理委员会}
}

@standard{SCSF00045714,
  author    = {段明莲 and 白光武 and 陈浩元 and 刘曙光 and 曾燕},
  title     = {信息与文献　参考文献著录规则},
  edition   = {GB/T 7714-2015},
  year      = {2015},
  publisher = {中华人民共和国国家质量监督检验检疫总局;中国国家标准化管理委员会}
}

@online{REF00000001,
  author  = {中华人民共和国教育部},
  title   = {中华人民共和国学位条例暂行实施办法},
  date    = {1981-05-20},
  url     = {http://www.moe.gov.cn/jyb_sjzl/sjzl_zcfg/zcfg_jyxzfg/202204/t20220422_620528.html},
  urldate = {2025-04-01}
}

@online{REF00000002,
  author  = {中华人民共和国教育部学位管理与研究生教育司},
  title   = {授予博士、硕士学位和培养研究生的学科、专业目录},
  year    = {1997},
  url     = {http://www.moe.gov.cn/srcsite/A22/moe_833/200512/t20051223_88437.html},
  urldate = {2025-04-01}
}

@standard{SCSF00038519,
  author    = {董琨 and 李志江 and 金惠淑 and 史定国 and 王楠 and 杜翔},
  title     = {汉语拼音正词法基本规则},
  edition   = {GB/T 16159-2012},
  year      = {2012},
  publisher = {中华人民共和国国家质量监督检验检疫总局;中国国家标准化管理委员会}
}

@misc{SCSF00000734,
  author    = {冯卫 and 常建宏 and 刘春燕 and 郭杰 and 刘植婷 and 张艳琦},
  title     = {文献保密等级代码与标识},
  edition   = {GB/T 7156-2003},
  year      = {2003},
  publisher = {中华人民共和国国家质量监督检验检疫总局}
}

@book{REF00000003,
  title     = {汉语主题词表},
  author    = {中国科学技术情报研究所 and 北京图书馆},
  year      = {1980},
  location  = {北京},
  publisher = {科学技术文献出版社}
}

@standard{SCSF00038090,
  author    = {沈阳 and 刘妍 and 于泳波 and 翁姗姗},
  title     = {标点符号用法},
  edition   = {GB/T 15834-2011},
  year      = {2011},
  publisher = {中华人民共和国国家质量监督检验检疫总局;中国国家标准化管理委员会}
}

@standard{SCSF00036561,
  author    = {詹卫东 and 覃士娟 and 曾石铭},
  title     = {出版物上数字用法},
  edition   = {GB/T 15835-2011},
  year      = {2011},
  publisher = {中华人民共和国国家质量监督检验检疫总局;中国国家标准化管理委员会}
}

@standard{REF00000004,
  author    = {徐家宗},
  title     = {科技文献的章节编号方法},
  edition   = {CY/T 35-2001},
  year      = {2001},
  publisher = {中华人民共和国新闻出版总署;全国信息与文献标准化技术委员会}
}
